@article{Cardona2009AInfection,
    title = {{A dynamic reinfection hypothesis of latent tuberculosis infection}},
    year = {2009},
    journal = {Infection},
    author = {Cardona, P-J},
    pages = {80--86},
    volume = {37},
    publisher = {Springer},
    issn = {0300-8126}
}

@article{Ullah2020ADerivative,
    title = {{A fractional model for the dynamics of tuberculosis infection using Caputo-Fabrizio derivative}},
    year = {2020},
    journal = {Discrete and Continuous Dynamical Systems - Series S},
    author = {Ullah, Saif and Khan, Muhammad Altaf and Farooq, Muhammad and Hammouch, Zakia and Baleanu, Dumitru},
    number = {3},
    pages = {975--993},
    volume = {13},
    publisher = {American Institute of Mathematical Sciences},
    doi = {10.3934/dcdss.2020057},
    issn = {19371179},
    keywords = {Caputo-Fabrizio fractional derivative, Fixed point theorem, Numerical results, Tuberculosis model}
}

@article{Chinnathambi2021AReinfections,
    title = {{A fractional‐order model with time delay for tuberculosis with endogenous reactivation and exogenous reinfections}},
    year = {2021},
    journal = {Mathematical methods in the applied sciences},
    author = {Chinnathambi, Rajivganthi and Rihan, Fathalla A and Alsakaji, Hebatallah J},
    number = {10},
    pages = {8011--8025},
    volume = {44},
    publisher = {Wiley Online Library},
    issn = {0170-4214}
}

@article{Ayinla2021AEpidemic,
    title = {{A mathematical model of the tuberculosis epidemic}},
    year = {2021},
    journal = {Acta Biotheoretica},
    author = {Ayinla, Ally Yeketi and Othman, Wan Ainun Mior and Rabiu, Musa},
    pages = {225--255},
    volume = {69},
    publisher = {Springer},
    issn = {0001-5342}
}

@article{Hickson2012AAreas,
    title = {{A metapopulation model of tuberculosis transmission with a case study from high to low burden areas}},
    year = {2012},
    journal = {PLoS ONE},
    author = {Hickson, Roslyn I. and Mercer, Geoffry N. and Lokuge, Kamalini M.},
    number = {4},
    month = {4},
    volume = {7},
    doi = {10.1371/journal.pone.0034411},
    issn = {19326203},
    pmid = {22496801}
}

@article{Feng2000AReinfection,
    title = {{A model for tuberculosis with exogenous reinfection}},
    year = {2000},
    journal = {Theoretical population biology},
    author = {Feng, Zhilan and Castillo-Chavez, Carlos and Capurro, Angel F},
    number = {3},
    pages = {235--247},
    volume = {57},
    publisher = {Elsevier},
    issn = {0040-5809}
}

@article{Yavuz2023AEffect,
    title = {{A new mathematical model for tuberculosis epidemic under the consciousness effect}},
    year = {2023},
    journal = {Mathematical Modelling and Control},
    author = {Yavuz, Mehmet and Ozk{\"{o}}se, Fatma and Akman, Müzeyyen and Tastan, Zehra Tugba},
    number = {2},
    pages = {88--103},
    volume = {3},
    issn = {2767-8946}
}

@article{Owolabi2022ATheory,
    title = {{A nonlinear epidemic model for tuberculosis with Caputo operator and fixed point theory}},
    year = {2022},
    journal = {Healthcare Analytics},
    author = {Owolabi, Kolade M and Pindza, Edson},
    pages = {100111},
    volume = {2},
    publisher = {Elsevier},
    issn = {2772-4425}
}

@article{Okuonghae2015ADelay,
    title = {{A note on some qualitative properties of a tuberculosis differential equation model with a time delay}},
    year = {2015},
    journal = {Differential Equations and Dynamical Systems},
    author = {Okuonghae, D},
    pages = {181--194},
    volume = {23},
    publisher = {Springer},
    issn = {0971-3514}
}

@article{Liao2012ARisk,
    title = {{A probabilistic transmission and population dynamic model to assess tuberculosis infection risk}},
    year = {2012},
    journal = {Risk Analysis: An International Journal},
    author = {Liao, Chung‐Min and Cheng, Yi‐Hsien and Lin, Yi‐Jun and Hsieh, Nan‐Hung and Huang, Tang‐Luen and Chio, Chia‐Pin and Chen, Szu‐Chieh and Ling, Min‐Pei},
    number = {8},
    pages = {1420--1432},
    volume = {32},
    publisher = {Wiley Online Library},
    issn = {0272-4332}
}

@misc{Kirschner2017ATreatment,
    title = {{A review of computational and mathematical modeling contributions to our understanding of Mycobacterium tuberculosis within-host infection and treatment}},
    year = {2017},
    booktitle = {Current Opinion in Systems Biology},
    author = {Kirschner, Denise and Pienaar, Elsje and Marino, Simeone and Linderman, Jennifer J.},
    month = {6},
    pages = {170--185},
    volume = {3},
    publisher = {Elsevier Ltd},
    doi = {10.1016/j.coisb.2017.05.014},
    issn = {24523100},
    keywords = {Agent-based model, Antibiotic treatment, Granuloma, Sensitivity analysis, Simulations, Systems biology}
}

@article{Jiang2023AChina,
    title = {{A tuberculosis model with early and late latency, imperfect vaccination, and relapse: An application to China}},
    year = {2023},
    journal = {Mathematical Methods in the Applied Sciences},
    author = {Jiang, Qian and Liu, Zhijun and Wang, Lianwen and Tan, Ronghua},
    number = {9},
    pages = {10929--10946},
    volume = {46},
    publisher = {Wiley Online Library},
    issn = {0170-4214}
}

@article{SelvaraniAnModel,
    title = {{An Approximate Analytical Solution to an SEIR tuberculosis disease model}},
    author = {Selvarani, K and Narmatha, S}
}

@article{Li2023AnReinfection,
    title = {{An Epidemiological Model for Tuberculosis Considering Environmental Transmission and Reinfection}},
    year = {2023},
    journal = {Mathematics},
    author = {Li, Qiuyun and Wang, Fengna},
    number = {11},
    pages = {2423},
    volume = {11},
    publisher = {MDPI},
    issn = {2227-7390}
}

@techreport{Oxlade2014AnTuberculosis,
    title = {{An introduction Mathematical Modeling of Tuberculosis}},
    year = {2014},
    author = {Oxlade, Olivia}
}

@article{Sousa2023AnWorkers,
    title = {{An investigation of TB infection and reinfection among stone quarry workers}},
    year = {2023},
    journal = {Pulmonology},
    author = {Sousa, S and Alves, C M and Macedo, R and Carvalho, C and Gon{\c{c}}alves, G and Duarte, R},
    pages = {2531--0437},
    issn = {2531-0437}
}

@article{Moualeu2016AnalysisCases,
    title = {{Analysis of a tuberculosis model with undetected and lost-sight cases}},
    year = {2016},
    journal = {Communications in Nonlinear Science and Numerical Simulation},
    author = {Moualeu, D P and Yakam, A Nana and Bowong, Samuel and Temgoua, A},
    pages = {48--63},
    volume = {41},
    publisher = {Elsevier},
    issn = {1007-5704}
}

@article{Inigo2007AnalysisImmigration,
    title = {{Analysis of changes in recent tuberculosis transmission patterns after a sharp increase in immigration}},
    year = {2007},
    journal = {Journal of Clinical Microbiology},
    author = {I{\~{n}}igo, Jesús and Garc{\'{i}}a De Viedma, Darío and Arce, Araceli and Palenque, Elia and Alonso Rodr{\'{i}}guez, Noelia and Rodr{\'{i}}guez, Elena and Ruiz Serrano, María Jesús and Andr{\'{e}}s, Sandra and Bouza, Emilio and Chaves, Fernando},
    number = {1},
    month = {1},
    pages = {63--69},
    volume = {45},
    doi = {10.1128/JCM.01644-06},
    issn = {00951137},
    pmid = {17108076}
}

@article{Chennaf2023AnalysisEffects,
    title = {{Analysis of the Dynamics of Tuberculosis in Algeria Using a Compartmental VSEIT Model with Evaluation of the Vaccination and Treatment Effects}},
    year = {2023},
    journal = {Computation},
    author = {Chennaf, Bouchra and Abdelouahab, Mohammed Salah and Lozi, René},
    number = {7},
    pages = {146},
    volume = {11},
    publisher = {MDPI},
    issn = {2079-3197}
}

@article{AppendixA-Glossaryofterms2022AppendixTerms,
    title = {{Appendix A - Glossary of terms}},
    year = {2022},
    journal = {Canadian Journal of Respiratory, Critical Care, and Sleep Medicine},
    author = {{Appendix A - Glossary of terms}},
    number = {sup1},
    month = {3},
    pages = {242--247},
    volume = {6},
    publisher = {Informa UK Limited},
    doi = {10.1080/24745332.2022.2045118},
    issn = {2474-5332}
}

@article{Cooper2022AppendixRecommendations,
    title = {{Appendix B: De-isolation review and recommendations}},
    year = {2022},
    journal = {Canadian Journal of Respiratory, Critical Care, and Sleep Medicine},
    author = {Cooper, Ryan},
    number = {sup1},
    month = {3},
    pages = {248--255},
    volume = {6},
    publisher = {Informa UK Limited},
    doi = {10.1080/24745332.2022.2046926},
    issn = {2474-5332}
}

@misc{Yew2005AreTuberculosis,
    title = {{Are some people not safer after successful treatment of tuberculosis?}},
    year = {2005},
    booktitle = {American journal of respiratory and critical care medicine},
    author = {Yew, Wing W and Leung, Chi C},
    number = {12},
    pages = {1324--1325},
    volume = {171},
    publisher = {American Thoracic Society},
    isbn = {1073-449X}
}

@article{Wangari2018BackwardTuberculosis,
    title = {{Backward bifurcation and hysteresis in models of recurrent tuberculosis}},
    year = {2018},
    journal = {PloS one},
    author = {Wangari, Isaac Mwangi and Stone, Lewi},
    number = {3},
    pages = {e0194256},
    volume = {13},
    publisher = {Public Library of Science San Francisco, CA USA},
    issn = {1932-6203}
}

@article{Song2021BasicBifurcation,
    title = {{Basic reinfection number and backward bifurcation}},
    year = {2021},
    journal = {Mathematical Biosciences and Engineering},
    author = {Song, Baojun},
    number = {6},
    pages = {8064--8083},
    volume = {18},
    publisher = {Arizona State University},
    issn = {1551-0018}
}

@misc{Essue2018BetterCanada,
    title = {{Better data to drive more effective care for people with latent tuberculosis infection in Canada}},
    year = {2018},
    booktitle = {CMAJ},
    author = {Essue, Beverley M. and Milinkovic, Deborah and Birch, Stephen},
    number = {23},
    month = {6},
    pages = {E700-E701},
    volume = {190},
    publisher = {Canadian Medical Association},
    doi = {10.1503/cmaj.180488},
    issn = {14882329},
    pmid = {29891473}
}

@article{Tau2001BiologicReceptors,
    title = {{Biologic Functions of IFN-{$\gamma$} Receptors}},
    year = {2001},
    journal = {Allergy},
    author = {Tau, G. and Rothman, P.},
    number = {2},
    pages = {1233--1251},
    volume = {54}
}

@article{Hoey2002CanTwice,
    title = {{Can you get tuberculosis twice?}},
    year = {2002},
    journal = {CMAJ},
    author = {Hoey, John},
    number = {4},
    pages = {478},
    volume = {166},
    publisher = {Can Med Assoc},
    issn = {0820-3946}
}

@book{PublicHealthAgencyofCanada2014CanadianStandards.,
    title = {{Canadian Tuberculosis Standards.}},
    year = {2014},
    author = {{Public Health Agency of Canada}},
    pages = {},
    volume = {7th Edition},
    publisher = {Centre for Communicable Diseases and Infection Control (Canada)},
    isbn = {9781100231716}
}

@article{Cooper2022ChapterPopulations,
    title = {{Chapter 10: Treatment of active tuberculosis in special populations}},
    year = {2022},
    journal = {Canadian Journal of Respiratory, Critical Care, and Sleep Medicine},
    author = {Cooper, Ryan and Houston, Stan and Hughes, Christine and Johnston, James C.},
    number = {S1},
    pages = {149--166},
    volume = {6},
    publisher = {Taylor and Francis Ltd.},
    doi = {10.1080/24745332.2022.2039500},
    issn = {24745340}
}

@article{Rea2022ChapterManagement,
    title = {{Chapter 11: Tuberculosis contact investigation and outbreak management}},
    year = {2022},
    journal = {Canadian Journal of Respiratory, Critical Care, and Sleep Medicine},
    author = {Rea, Elizabeth and Huard, Jessika and Lee, Robyn},
    number = {S1},
    pages = {167--183},
    volume = {6},
    publisher = {Taylor and Francis Ltd.},
    doi = {10.1080/24745332.2022.2037909},
    issn = {24745340}
}

@article{Dunn2022ChapterCanada,
    title = {{Chapter 12: An introductory guide to tuberculosis care to improve cultural competence for health care workers and public health professionals serving Indigenous Peoples of Canada}},
    year = {2022},
    journal = {Canadian Journal of Respiratory, Critical Care, and Sleep Medicine},
    author = {Dunn, Jonathan L. and Larocque, Marlene and Van Dyk, Deborah and Vides, Eduardo and Khan, Faiz Ahmad and Wong, Tom and Long, Richard and Alvarez, Gonzalo G.},
    number = {S1},
    pages = {184--193},
    volume = {6},
    publisher = {Taylor and Francis Ltd.},
    doi = {10.1080/24745332.2022.2041328},
    issn = {24745340}
}

@article{Greenaway2022ChapterMigrants,
    title = {{Chapter 13: Tuberculosis surveillance and tuberculosis infection testing and treatment in migrants}},
    year = {2022},
    journal = {Canadian Journal of Respiratory, Critical Care, and Sleep Medicine},
    author = {Greenaway, Christina and Diefenbach-Elstob, Tanya and Schwartzman, Kevin and Cook, Victoria J. and Giovinazzo, George and Njoo, Howard and Mounchili, Aboubakar and Brooks, James},
    number = {S1},
    pages = {194--204},
    volume = {6},
    publisher = {Taylor and Francis Ltd.},
    doi = {10.1080/24745332.2022.2035544},
    issn = {24745340}
}

@article{Johnston2022ChapterSettings,
    title = {{Chapter 14: Prevention and control of tuberculosis transmission in healthcare settings}},
    year = {2022},
    journal = {Canadian Journal of Respiratory, Critical Care, and Sleep Medicine},
    author = {Johnston, B. Lynn and Ogunremi, Toju and Defalco, Katherine and Savard, Noémie and Smith, Stephanie W.},
    number = {S1},
    pages = {205--228},
    volume = {6},
    publisher = {Taylor and Francis Ltd.},
    doi = {10.1080/24745332.2022.2043677},
    issn = {24745340}
}

@article{Heffernan2022ChapterPerformance,
    title = {{Chapter 15: Monitoring tuberculosis program performance}},
    year = {2022},
    journal = {Canadian Journal of Respiratory, Critical Care, and Sleep Medicine},
    author = {Heffernan, Courtney and Haworth-Brockman, Margaret and Plourde, Pierre and Wong, Tom and Ferrara, Giovanni and Long, Richard},
    number = {S1},
    pages = {229--241},
    volume = {6},
    publisher = {Taylor and Francis Ltd.},
    doi = {10.1080/24745332.2022.2035123},
    issn = {24745340}
}

@article{Mounchili2022ChapterCanada,
    title = {{Chapter 1: Epidemiology of tuberculosis in Canada}},
    year = {2022},
    journal = {Canadian Journal of Respiratory, Critical Care, and Sleep Medicine},
    author = {Mounchili, Aboubakar and Perera, Reshel and Lee, Robyn S. and Njoo, Howard and Brooks, James},
    number = {S1},
    pages = {8--21},
    volume = {6},
    publisher = {Taylor and Francis Ltd.},
    doi = {10.1080/24745332.2022.2033062},
    issn = {24745340}
}

@article{Long2022ChapterTuberculosis,
    title = {{Chapter 2: Transmission and pathogenesis of tuberculosis}},
    year = {2022},
    journal = {Canadian Journal of Respiratory, Critical Care, and Sleep Medicine},
    author = {Long, Richard and Divangahi, Maziar and Schwartzman, Kevin},
    number = {S1},
    pages = {22--32},
    volume = {6},
    publisher = {Taylor and Francis Ltd.},
    doi = {10.1080/24745332.2022.2035540},
    issn = {24745340}
}

@article{Behr2022ChapterTuberculosis,
    title = {{Chapter 3: Diagnosis of tuberculosis disease and drug-resistant tuberculosis}},
    year = {2022},
    journal = {Canadian Journal of Respiratory, Critical Care, and Sleep Medicine},
    author = {Behr, Marcel A. and Lapierre, Simon Grandjean and Kunimoto, Dennis Y. and Lee, Robyn S. and Long, Richard and Sekirov, Inna and Soualhine, Hafid and Turenne, Christine Y.},
    number = {S1},
    pages = {33--48},
    volume = {6},
    publisher = {Taylor and Francis Ltd.},
    doi = {10.1080/24745332.2022.2035638},
    issn = {24745340}
}

@article{Campbell2022ChapterInfection,
    title = {{Chapter 4: Diagnosis of tuberculosis infection}},
    year = {2022},
    journal = {Canadian Journal of Respiratory, Critical Care, and Sleep Medicine},
    author = {Campbell, Jonathon R. and Pease, Christopher and Daley, Peter and Pai, Madhukar and Menzies, Dick},
    number = {S1},
    pages = {49--65},
    volume = {6},
    publisher = {Taylor and Francis Ltd.},
    doi = {10.1080/24745332.2022.2036503},
    issn = {24745340}
}

@article{Johnston2022ChapterDisease,
    title = {{Chapter 5: Treatment of tuberculosis disease}},
    year = {2022},
    journal = {Canadian Journal of Respiratory, Critical Care, and Sleep Medicine},
    author = {Johnston, James C. and Cooper, Ryan and Menzies, Dick},
    number = {S1},
    pages = {66--76},
    volume = {6},
    publisher = {Taylor and Francis Ltd.},
    doi = {10.1080/24745332.2022.2036504},
    issn = {24745340}
}

@article{Alvarez2022ChapterAdults,
    title = {{Chapter 6: Tuberculosis preventive treatment in adults}},
    year = {2022},
    journal = {Canadian Journal of Respiratory, Critical Care, and Sleep Medicine},
    author = {Alvarez, Gonzalo G. and Pease, Christopher and Menzies, Dick},
    number = {S1},
    pages = {77--86},
    volume = {6},
    publisher = {Taylor and Francis Ltd.},
    doi = {10.1080/24745332.2022.2039498},
    issn = {24745340}
}

@article{Barss2022ChapterTuberculosis,
    title = {{Chapter 7: Extra-pulmonary tuberculosis}},
    year = {2022},
    journal = {Canadian Journal of Respiratory, Critical Care, and Sleep Medicine},
    author = {Barss, Leila and Connors, William J.A. and Fisher, Dina},
    number = {S1},
    pages = {87--108},
    volume = {6},
    publisher = {Taylor and Francis Ltd.},
    doi = {10.1080/24745332.2022.2036073},
    issn = {24745340}
}

@article{Brode2022ChapterTuberculosis,
    title = {{Chapter 8: Drug-resistant tuberculosis}},
    year = {2022},
    journal = {Canadian Journal of Respiratory, Critical Care, and Sleep Medicine},
    author = {Brode, Sarah K. and Dwilow, Rachel and Kunimoto, Dennis and Menzies, Dick and Khan, Faiz Ahmad},
    number = {S1},
    pages = {109--128},
    volume = {6},
    publisher = {Taylor and Francis Ltd.},
    doi = {10.1080/24745332.2022.2039499},
    issn = {24745340}
}

@article{Dwilow2022ChapterTuberculosis,
    title = {{Chapter 9: Pediatric tuberculosis}},
    year = {2022},
    journal = {Canadian Journal of Respiratory, Critical Care, and Sleep Medicine},
    author = {Dwilow, Rachel and Hui, Charles and Kakkar, Fatima and Kitai, Ian},
    number = {S1},
    pages = {129--148},
    volume = {6},
    publisher = {Taylor and Francis Ltd.},
    doi = {10.1080/24745332.2022.2043055},
    issn = {24745340}
}

@techreport{BCCentreforDiseaseControl2022ClinicalReport,
    title = {{Clinical Prevention Services (CPS) Monthly Surveillance Report}},
    year = {2022},
    author = {{BC Centre for Disease Control}}
}

@article{Higdon2005CombiningPrediction,
    title = {{Combining field data and computer simulations for calibration and prediction}},
    year = {2005},
    journal = {SIAM Journal on Scientific Computing},
    author = {Higdon, Dave and Kennedy, Marc and Cavendish, James C. and Cafeo, John A. and Ryne, Robert D.},
    number = {2},
    pages = {448--466},
    volume = {26},
    publisher = {Society for Industrial and Applied Mathematics Publications},
    doi = {10.1137/S1064827503426693},
    issn = {10648275},
    keywords = {Calibration, Computer experiments, Gaussian process, Model validation, Predictability, Simulator science, Uncertainty quantification}
}

@article{Trauer2014ConstructionAsia-Pacific,
    title = {{Construction of a mathematical model for tuberculosis transmission in highly endemic regions of the Asia-Pacific}},
    year = {2014},
    journal = {Journal of theoretical biology},
    author = {Trauer, James M and Denholm, Justin T and McBryde, Emma S},
    pages = {74--84},
    volume = {358},
    publisher = {Elsevier},
    issn = {0022-5193}
}

@article{Horsburgh2022ContributionDisease,
    title = {{Contribution of Reinfection to Annual Rate of Tuberculosis Infection (ARI) and Incidence of Tuberculosis Disease}},
    year = {2022},
    journal = {Clinical Infectious Diseases},
    author = {Horsburgh, C Robert and Jo, Youngji and Nichols, Brooke and Jenkins, Helen E and Russell, Colin A and White, Laura F},
    volume = {76},
    url = {https://doi.org/10.1093/cid/ciac451},
    doi = {10.1093/cid/ciac451},
    keywords = {annual rate of tuberculosis infection, tuberculosis disease, tuberculosis infection, tuberculosis prevalence, tuberculosis reinfection}
}

@article{Dowdy2013DataList,
    title = {{Data needs for evidence-based decisions: a tuberculosis modeler's ‘wish list’}},
    year = {2013},
    journal = {The International journal of tuberculosis and lung disease},
    author = {Dowdy, David W and Dye, Christopher and Cohen, Ted},
    number = {7},
    pages = {866--877},
    volume = {17},
    publisher = {International Union Against Tuberculosis and Lung Disease},
    issn = {1027-3719}
}

@article{Ronald2018DemographicStudy,
    title = {{Demographic predictors of active tuberculosis in people migrating to British Columbia, Canada: A retrospective cohort study}},
    year = {2018},
    journal = {CMAJ},
    author = {Ronald, Lisa A. and Campbell, Jonathon R. and Balshaw, Robert F. and Romanowski, Kamila and Roth, David Z. and Marra, Fawziah and Cook, Victoria J. and Johnston, James C.},
    number = {8},
    month = {2},
    pages = {E209-E216},
    volume = {190},
    publisher = {Canadian Medical Association},
    doi = {10.1503/cmaj.170817},
    issn = {14882329},
    pmid = {29483329}
}

@article{Ronald2018DemographicStudyb,
    title = {{Demographic predictors of active tuberculosis in people migrating to British Columbia, Canada: A retrospective cohort study}},
    year = {2018},
    journal = {CMAJ},
    author = {Ronald, Lisa A. and Campbell, Jonathon R. and Balshaw, Robert F. and Romanowski, Kamila and Roth, David Z. and Marra, Fawziah and Cook, Victoria J. and Johnston, James C.},
    number = {8},
    month = {2},
    pages = {E209-E216},
    volume = {190},
    publisher = {Canadian Medical Association},
    doi = {10.1503/cmaj.170817},
    issn = {14882329},
    pmid = {29483329}
}

@article{Ndubuka2021Descriptive2019,
    title = {{Descriptive analysis of a tuberculosis outbreak from a northern Saskatchewan First Nations community—December 2018 to May 2019}},
    year = {2021},
    journal = {Canada Communicable Disease Report},
    author = {Ndubuka, Nnamdi and Klaver, Braeden and Gupta, Sabyasachi and Lamichhane, Shree and Brooks, Leslie and Nelson, Shirley and Akinjobi, Grace},
    number = {11},
    month = {11},
    pages = {479--484},
    volume = {47},
    publisher = {Infectious Disease and Control Branch (IDPCB) - Public Health Agency of Canada},
    doi = {10.14745/ccdr.v47i11a07}
}

@article{Alshammari2021DynamicRates,
    title = {{Dynamic behaviors of a modified SIR model with nonlinear incidence and recovery rates}},
    year = {2021},
    journal = {Alexandria Engineering Journal},
    author = {Alshammari, Fehaid Salem and Khan, Muhammad Altaf},
    number = {3},
    pages = {2997--3005},
    volume = {60},
    publisher = {Elsevier},
    issn = {1110-0168}
}

@article{Castillo-Chavez2004DynamicalApplications,
    title = {{Dynamical models of tuberculosis and their applications}},
    year = {2004},
    journal = {Math. Biosci. Eng},
    author = {Castillo-Chavez, Carlos},
    number = {2},
    pages = {361--404},
    volume = {1},
    url = {http://math.asu.edu/˜mbe/}
}

@article{Okuonghae2016DynamicsLevel,
    title = {{Dynamics of a mathematical model for tuberculosis with variability in susceptibility and disease progressions due to difference in awareness level}},
    year = {2016},
    journal = {Frontiers in Microbiology},
    author = {Okuonghae, Daniel and Ikhimwin, Bernard O.},
    number = {JAN},
    volume = {6},
    publisher = {Frontiers Media S.A.},
    doi = {10.3389/fmicb.2015.01530},
    issn = {1664302X},
    keywords = {Awareness level, Bifurcation, Mathematical model, Simulation, Tuberculosis}
}

@article{Liu2018DynamicsResistance,
    title = {{Dynamics of a stochastic tuberculosis model with antibiotic resistance}},
    year = {2018},
    journal = {Chaos, Solitons and Fractals},
    author = {Liu, Qun and Jiang, Daqing and Hayat, Tasawar and Alsaedi, Ahmed},
    month = {4},
    pages = {223--230},
    volume = {109},
    publisher = {Elsevier Ltd},
    doi = {10.1016/j.chaos.2018.02.033},
    issn = {09600779},
    keywords = {Antibiotic resistance, Ergodicity, Extinction, Stationary distribution, Stochastic tuberculosis model}
}

@article{Liu2017DynamicsSize,
    title = {{Dynamics of a stochastic tuberculosis model with constant recruitment and varying total population size}},
    year = {2017},
    journal = {Physica A: Statistical Mechanics and its Applications},
    author = {Liu, Qun and Jiang, Daqing and Shi, Ningzhong and Hayat, Tasawar and Alsaedi, Ahmed},
    month = {3},
    pages = {518--530},
    volume = {469},
    publisher = {Elsevier B.V.},
    doi = {10.1016/j.physa.2016.11.053},
    issn = {03784371},
    keywords = {Extinction, Lyapunov function, Stationary distribution, Stochastic tuberculosis model}
}

@techreport{Widiaputra2023DynamicsPrinciple,
    title = {{Dynamics of Tuberculosis (TB) Population Distribution Using the Pontryagin Maximum Principle}},
    year = {2023},
    author = {Widiaputra, Muhammad Iqbal and Asyhar, Ahmad Hanif and Utami, Wika Dianita and Intan, Putroue Keumala and Yuliati, Dian and Rozi, Muhamma Fahrur},
    publisher = {EasyChair},
    isbn = {2516-2314}
}

@article{Sulayman2023DynamicsIssues,
    title = {{Dynamics of Tuberculosis Transmission Model with Reinfection Issues}},
    year = {2023},
    journal = {MATEMATIKA: Malaysian Journal of Industrial and Applied Mathematics},
    author = {Sulayman, Fatima and Abdullah, Farah Aini},
    pages = {125--148},
    issn = {0127-9602}
}

@article{Khajanchi2018DynamicsReactivation,
    title = {{Dynamics of tuberculosis transmission with exogenous reinfections and endogenous reactivation}},
    year = {2018},
    journal = {Physica A: Statistical Mechanics and its Applications},
    author = {Khajanchi, Subhas and Das, Dhiraj Kumar and Kar, Tapan Kumar},
    pages = {52--71},
    volume = {497},
    publisher = {Elsevier},
    issn = {0378-4371}
}

@article{Ziv2001EarlyInfection,
    title = {{Early Therapy for Latent Tuberculosis Infection}},
    year = {2001},
    journal = {American Journal of Epidemiology},
    author = {Ziv, E and Daley, C.L. and Blower, S.M.},
    number = {4},
    pages = {381--385},
    volume = {153}
}

@article{Tian2013EvaluatingModeling,
    title = {{Evaluating the Effectiveness of Contact Tracing on Tuberculosis Outcomes in Saskatchewan Using Individual-Based Modeling}},
    year = {2013},
    journal = {Health Education and Behavior},
    author = {Tian, Yuan and Osgood, Nathaniel D. and Al-Azem, Assaad and Hoeppner, Vernon H.},
    number = {1 SUPPL.},
    volume = {40},
    doi = {10.1177/1090198113493910},
    issn = {10901981},
    pmid = {24084405},
    keywords = {agent-based modeling, contact tracing, individual-based modeling, infection control, scale-free network, tuberculosis}
}

@article{Moghadas2004ExogenousFramework,
    title = {{Exogenous reinfection and resurgence of tuberculosis: A theoretical framework}},
    year = {2004},
    journal = {Journal of Biological Systems},
    author = {Moghadas, S M and Alexander, M E},
    number = {02},
    pages = {231--247},
    volume = {12},
    publisher = {World Scientific},
    issn = {0218-3390}
}

@article{Schiroli2015ExogenousArea,
    title = {{Exogenous reinfection of tuberculosis in a low-burden area}},
    year = {2015},
    journal = {Infection},
    author = {Schiroli, Consuelo and Carugati, Manuela and Zanini, Fabio and Bandera, Alessandra and Di Nardo Stuppino, Silvia and Monge, Elisa and Morosi, Manuela and Gori, Andrea and Matteelli, Alberto and Codecasa, Luigi},
    pages = {647--653},
    volume = {43},
    publisher = {Springer},
    issn = {0300-8126}
}

@article{Bowong2010GlobalRate,
    title = {{Global analysis of a dynamical model for transmission of tuberculosis with a general contact rate}},
    year = {2010},
    journal = {Communications in Nonlinear Science and Numerical Simulation},
    author = {Bowong, Samuel and Tewa, Jean Jules},
    number = {11},
    month = {11},
    pages = {3621--3631},
    volume = {15},
    doi = {10.1016/j.cnsns.2010.01.007},
    issn = {10075704},
    keywords = {Dynamical systems, Epidemiological models, General contact rate, Global stability, Lyapunov functions, Tuberculosis}
}

@article{Bowong2010GlobalRateb,
    title = {{Global analysis of a dynamical model for transmission of tuberculosis with a general contact rate}},
    year = {2010},
    journal = {Communications in Nonlinear Science and Numerical Simulation},
    author = {Bowong, Samuel and Tewa, Jean Jules},
    number = {11},
    month = {11},
    pages = {3621--3631},
    volume = {15},
    doi = {10.1016/j.cnsns.2010.01.007},
    issn = {10075704},
    keywords = {Dynamical systems, Epidemiological models, General contact rate, Global stability, Lyapunov functions, Tuberculosis}
}

@article{Guo2006GlobalTuberculosis,
    title = {{Global Stability in a Mathematical Model of Tuberculosis}},
    year = {2006},
    journal = {Canadian applied mathematics quarterly},
    author = {Guo, Hongbin and Li, Michael Y},
    volume = {14}
}

@techreport{WHO2022Global2022,
    title = {{Global Tuberculosis Report 2022}},
    year = {2022},
    author = {{WHO}},
    url = {http://apps.who.int/bookorders.},
    institution = {World Helath Organization},
    address = {Geneva},
    isbn = {isbN9789240061729}
}

@article{Ng2018HealthCanada,
    title = {{Health Reports Tuberculosis-related hospital use among recent immigrants to Canada}},
    year = {2018},
    journal = {Health Reports},
    author = {Ng, Edward and Massenat, Dominique Elien and Giovinazzo, George and Ponka, David and Sanmartin, Claudia},
    number = {7},
    pages = {14--28},
    volume = {29},
    url = {www.statcan.gc.ca},
    issn = {1209-1367},
    keywords = {Tuberculosis, health care utilization., health policy, immigrant health}
}

@article{Gomes2012HowReinfection,
    title = {{How host heterogeneity governs tuberculosis reinfection?}},
    year = {2012},
    journal = {Proceedings of the Royal Society B: Biological Sciences},
    author = {Gomes, M Gabriela M and Aguas, Ricardo and Lopes, Joao S and Nunes, Marta C and Rebelo, Carlota and Rodrigues, Paula and Struchiner, Claudio J},
    number = {1737},
    pages = {2473--2478},
    volume = {279},
    publisher = {The Royal Society},
    issn = {0962-8452}
}

@article{Noppert2017Individual-20042012,
    title = {{Individual- and neighborhood-level contextual factors are associated with Mycobacterium tuberculosis transmission: genotypic clustering of cases in Michigan, 2004–2012}},
    year = {2017},
    journal = {Annals of Epidemiology},
    author = {Noppert, Grace A. and Yang, Zhenhua and Clarke, Philippa and Ye, Wen and Davidson, Peter and Wilson, Mark L.},
    number = {6},
    month = {6},
    pages = {371--376},
    volume = {27},
    publisher = {Elsevier Inc.},
    doi = {10.1016/j.annepidem.2017.05.009},
    issn = {18732585},
    pmid = {28571914},
    keywords = {Communicable diseases, Health status disparities, Social determinants of health, Socioeconomic factors, Tuberculosis}
}

@book{Ellis2004La2002,
    title = {{La tuberculose au Canada, 2002}},
    year = {2004},
    author = {Ellis, Edward. and {Agence de santé publique du Canada.}},
    publisher = {Agence de santé publique du Canada},
    isbn = {0662382919}
}

@article{Salgame2015LatentConcepts,
    title = {{Latent tuberculosis infection–revisiting and revising concepts}},
    year = {2015},
    journal = {Tuberculosis},
    author = {Salgame, Padmini and Geadas, Carolina and Collins, Lauren and Jones-L{\'{o}}pez, Edward and Ellner, Jerrold J},
    number = {4},
    pages = {373--384},
    volume = {95},
    publisher = {Elsevier},
    issn = {1472-9792}
}

@article{Harianto2023LocalModel,
    title = {{Local Stability of Equilibrium Point of the Tuberculosis Transmission Model}},
    year = {2023},
    journal = {Jurnal Matematika, Statistika dan Komputasi},
    author = {Harianto, Joko and Tuturop, Katarina Lodia},
    number = {3},
    pages = {549--562},
    volume = {19},
    issn = {2614-8811}
}

@article{Permatasari2022MATHEMATICALINFECTION,
    title = {{MATHEMATICAL ANALYSIS OF A TUBERCULOSIS MODEL WITH TWO DIFFERENT STAGES OF INFECTION}},
    year = {2022},
    journal = {Journal of Fundamental Mathematics and Applications (JFMA)},
    author = {Permatasari, Anindita Henindya},
    number = {2},
    volume = {5},
    publisher = {Diponegoro University},
    issn = {2621-6035}
}

@article{Georgiev2023MathematicalTuberculosis,
    title = {{Mathematical Identification Analysis of a Fractional-Order Delayed Model for Tuberculosis}},
    year = {2023},
    journal = {Fractal and Fractional},
    author = {Georgiev, Slavi},
    number = {7},
    pages = {538},
    volume = {7},
    publisher = {MDPI},
    issn = {2504-3110}
}

@article{Sibomanaa2023MathematicalBurundi,
    title = {{Mathematical Model for Transmission Dynamics of Tuberculosis in Burundi}},
    year = {2023},
    journal = {arXiv preprint arXiv:2304.01975},
    author = {Sibomanaa, Steve and Sinigirira, Kelly Joelle Gatore and Gahungu, Paterne and Niyukuri, David}
}

@article{Nkamba2019MathematicalTuberculosis,
    title = {{Mathematical model to assess vaccination and effective contact rate impact in the spread of tuberculosis}},
    year = {2019},
    journal = {Journal of Biological Dynamics},
    author = {Nkamba, Leontine Nkague and Manga, Thomas Timothee and Agouanet, Franklin and Manyombe, Martin Luther Mann},
    number = {1},
    month = {1},
    pages = {26--42},
    volume = {13},
    publisher = {Taylor and Francis Ltd.},
    doi = {10.1080/17513758.2018.1563218},
    issn = {17513766},
    pmid = {31793413},
    keywords = {Basic reproduction numberglobal stability, Effective contact rate, Tuberculosis, Vaccination}
}

@article{Mustapha2022MathematicalReinfection,
    title = {{Mathematical modeling and analysis of mycobacterium tuberculosis transmission in humans with hospitalization and reinfection}},
    year = {2022},
    journal = {Journal od Applied Mathematics and Computational Mechanics},
    author = {Mustapha, Umar Tasiu and Idris, Buhari and Musa, Salihu S and Yusuf, Abdullahi},
    number = {1},
    pages = {55--66},
    volume = {21},
    publisher = {Office of Czestochowa University of Technology},
    issn = {2299-9965}
}

@incollection{Verma2023MathematicalRate,
    title = {{Mathematical modelling of tuberculosis and COVID-19 with saturated incidence rate}},
    year = {2023},
    booktitle = {Automation and Computation},
    author = {Verma, Vijai Shanker and Kaushik, Harshita and Bhadauria, Archana Singh},
    pages = {11--25},
    publisher = {CRC Press}
}

@article{Aparicio2009MathematicalEpidemics,
    title = {{Mathematical modelling of tuberculosis epidemics}},
    year = {2009},
    journal = {Mathematical Biosciences and Engineering},
    author = {Aparicio, Juan Pablo and Castillo-Chavez, Carlos},
    number = {2},
    month = {4},
    pages = {209--237},
    volume = {6},
    doi = {10.3934/mbe.2009.6.209},
    issn = {15471063},
    pmid = {19364150},
    keywords = {Demography, Non-autonomous systems, Stochastic models, Tuberculosis}
}

@article{Oshinubi2023MathematicalTreatment,
    title = {{Mathematical Modelling of Tuberculosis Outbreak in an East African Country Incorporating Vaccination and Treatment}},
    year = {2023},
    journal = {Computation},
    author = {Oshinubi, Kayode and Peter, Olumuyiwa James and Addai, Emmanuel and Mwizerwa, Enock and Babasola, Oluwatosin and Nwabufo, Ifeoma Veronica and Sane, Ibrahima and Adam, Umar Muhammad and Adeniji, Adejimi and Agbaje, Janet O},
    number = {7},
    pages = {143},
    volume = {11},
    publisher = {MDPI},
    issn = {2079-3197}
}

@incollection{Colijn2007MathematicalChallenges,
    title = {{Mathematical models of tuberculosis: accomplishments and future challenges}},
    year = {2007},
    booktitle = {BIOMAT 2006},
    author = {Colijn, Caroline and Cohen, T E D and Murray, Megan},
    pages = {123--148},
    publisher = {World Scientific}
}

@article{Das2021MathematicalModel,
    title = {{Mathematical transmission analysis of SEIR tuberculosis disease model}},
    year = {2021},
    journal = {Sensors International},
    author = {Das, Kalyan and Murthy, B S N and Samad, Sk Abdus and Biswas, Md Haider Ali},
    pages = {100120},
    volume = {2},
    publisher = {Elsevier},
    issn = {2666-3511}
}

@book{BelhadjMathematiquesCorriges,
    title = {{Mathématiques Cours et Exercices Corrigés}},
    author = {Belhadj, Basma and Kaabi, Firas},
    isbn = {6139572991}
}

@article{Shrestha2022Model-basedTexas,
    title = {{Model-based Analysis of Tuberculosis Genotype Clusters in the United States Reveals High Degree of Heterogeneity in Transmission and State-level Differences Across California, Florida, New York, and Texas}},
    year = {2022},
    journal = {Clinical infectious diseases : an official publication of the Infectious Diseases Society of America},
    author = {Shrestha, Sourya and Winglee, Kathryn and Hill, Andrew N. and Shaw, Tambi and Smith, Jonathan P. and Kammerer, J. Steve and Silk, Benjamin J. and Marks, Suzanne M. and Dowdy, David},
    number = {8},
    month = {10},
    pages = {1433--1441},
    volume = {75},
    publisher = {NLM (Medline)},
    doi = {10.1093/cid/ciac121},
    issn = {15376591},
    pmid = {35143641},
    keywords = {United States, clustering, transmission heterogeneity, tuberculosis}
}

@article{Bowong2012ModelingSeasonality,
    title = {{Modeling and analysis of the transmission dynamics of tuberculosis without and with seasonality}},
    year = {2012},
    journal = {Nonlinear Dynamics},
    author = {Bowong, Samuel and Kurths, Jurgen},
    number = {3},
    month = {2},
    pages = {2027--2051},
    volume = {67},
    doi = {10.1007/s11071-011-0127-y},
    issn = {0924090X},
    keywords = {Backward bifurcation, Mathematical models, Seasonal pattern, Stability, Tuberculosis}
}

@article{Herrera2013ModelingCommunities,
    title = {{Modeling the spread of tuberculosis in semiclosed communities}},
    year = {2013},
    journal = {Computational and mathematical methods in medicine},
    author = {Herrera, Mauricio and Bosch, Paul and N{\'{a}}jera, Manuel and Aguilera, Ximena},
    volume = {2013},
    publisher = {Hindawi},
    issn = {1748-670X}
}

@article{Al-arydah2015ModellingDynamics,
    title = {{Modelling the impact of treatment on tuberculosis transmission dynamics}},
    year = {2015},
    journal = {International Journal of Biomathematics and Systems Biology Official Journal of Biomathematical Society of India},
    author = {Al-arydah, tassem and Hayes, Bryson and Mushayabasa, Steady and Bhunu, Claver and Dimitrov, Dobromir and Smith, Robert},
    number = {2},
    volume = {1},
    issn = {2394-7772},
    keywords = {TB, adherence, defaulter, detection, reproductive number, treatment}
}

@article{Denysiuk2015MultiobjectiveModel,
    title = {{Multiobjective approach to optimal control for a tuberculosis model}},
    year = {2015},
    journal = {Optimization Methods and Software},
    author = {Denysiuk, Roman and Silva, Cristiana J and Torres, Delfim F M},
    number = {5},
    pages = {893--910},
    volume = {30},
    publisher = {Taylor {\&} Francis},
    issn = {1055-6788}
}

@article{Ackley2019MultipleTuberculosis,
    title = {{Multiple exposures, reinfection and risk of progression to active tuberculosis}},
    year = {2019},
    journal = {Royal Society Open Science},
    author = {Ackley, Sarah F and Lee, Robyn S and Worden, Lee and Zwick, Erin and Porco, Travis C and Behr, Marcel A and Pepperell, Caitlin S},
    number = {3},
    pages = {180999},
    volume = {6},
    publisher = {The Royal Society},
    issn = {2054-5703}
}

@article{Carvalho2018Non-integerInfection,
    title = {{Non-integer order analysis of the impact of diabetes and resistant strains in a model for TB infection}},
    year = {2018},
    journal = {Communications in Nonlinear Science and Numerical Simulation},
    author = {Carvalho, Ana R M and Pinto, Carla M A},
    pages = {104--126},
    volume = {61},
    publisher = {Elsevier},
    issn = {1007-5704}
}

@article{Nematollahi2020NonlinearReinfection,
    title = {{Nonlinear adaptive control of tuberculosis with consideration of the risk of endogenous reactivation and exogenous reinfection}},
    year = {2020},
    journal = {Journal of Theoretical Biology},
    author = {Nematollahi, Mohammad Hassan and Vatankhah, Ramin and Sharifi, Mojtaba},
    pages = {110081},
    volume = {486},
    publisher = {Elsevier},
    issn = {0022-5193}
}

@incollection{CASTILLO-CHAVEZ2010OnTuberculosis,
    title = {{On the Dynamics of Reinfection: the Case of Tuberculosis}},
    year = {2010},
    booktitle = {BIOMAT 2009},
    author = {CASTILLO-CHAVEZ, C and WANG, X and APARICIO, J P and FENG, Z},
    pages = {304--330},
    publisher = {World Scientific}
}

@inproceedings{Wang2009OnTuberculosis,
    title = {{On the dynamics of reinfections: The case of Tuberculosis}},
    year = {2009},
    booktitle = {International Symposium on Mathematical and Compuation Biology (ed. Rubem P. Mondaini), BIOMAT},
    author = {Wang, Xiaohong and Feng, Zhilan and Aparicio, J and Castillo-Chavez, Carlos},
    pages = {304--330}
}

@article{Obsu2022OptimalModel,
    title = {{Optimal control analysis of a tuberculosis model}},
    year = {2022},
    journal = {Journal of Biological Systems},
    author = {Obsu, Legesse Lemecha},
    number = {04},
    pages = {837--855},
    volume = {30},
    publisher = {World Scientific},
    issn = {0218-3390}
}

@article{Silva2013OptimalInterventions,
    title = {{Optimal control for a tuberculosis model with reinfection and post-exposure interventions}},
    year = {2013},
    journal = {Mathematical Biosciences},
    author = {Silva, Cristiana J and Torres, Delfim F M},
    number = {2},
    pages = {154--164},
    volume = {244},
    publisher = {Elsevier},
    issn = {0025-5564}
}

@article{Bowong2010OptimalTuberculosis,
    title = {{Optimal control of the transmission dynamics of tuberculosis}},
    year = {2010},
    journal = {Nonlinear Dynamics},
    author = {Bowong, Samuel},
    pages = {729--748},
    volume = {61},
    publisher = {Springer},
    issn = {0924-090X}
}

@article{Hattaf2009OptimalReinfection,
    title = {{Optimal control of tuberculosis with exogenous reinfection}},
    year = {2009},
    journal = {Applied Mathematical Sciences},
    author = {Hattaf, K and Rachik, M and Saadi, S and Tabit, Y and Yousfi, N},
    number = {5},
    pages = {231--240},
    volume = {3}
}

@inproceedings{Silva2015OptimalReview,
    title = {{Optimal control of tuberculosis: a review}},
    year = {2015},
    booktitle = {Dynamics, Games and Science: International Conference and Advanced School Planet Earth, DGS II, Portugal, August 28–September 6, 2013},
    author = {Silva, Cristiana J and Torres, Delfim F M},
    pages = {701--722},
    publisher = {Springer},
    isbn = {3319161172}
}

@inproceedings{Yang2012OptimalReinfection,
    title = {{Optimal Control Strategies of a Tuberculosis Model with Exogenous Reinfection}},
    year = {2012},
    booktitle = {Intelligent Computing Technology: 8th International Conference, ICIC 2012, Huangshan, China, July 25-29, 2012. Proceedings 8},
    author = {Yang, Yali and Song, Xiuchao and Wang, Yuzhou and Luo, Guoyun},
    pages = {244--251},
    publisher = {Springer},
    isbn = {3642315879}
}

@techreport{Choi2010OptimalReinfection,
    title = {{Optimal treatment strategies for tuberculosis with exogenous reinfection}},
    year = {2010},
    author = {Choi, Sunhwa and Jung, Eunok and Castillo-Chavez, Carlos},
    publisher = {Technical Report, MTBI-07-04M. Arizona State University}
}

@article{Choi2014OptimalData,
    title = {{Optimal tuberculosis prevention and control strategy from a mathematical model based on real data}},
    year = {2014},
    journal = {Bulletin of mathematical biology},
    author = {Choi, Sunhwa and Jung, Eunok},
    pages = {1566--1589},
    volume = {76},
    publisher = {Springer},
    issn = {0092-8240}
}

@article{Maulana2022ParameterIndonesia,
    title = {{Parameter estimation and analysis on SIS-SEIS types model of tuberculosis transmission in East Java Indonesia}},
    year = {2022},
    journal = {Communications in Mathematical Biology and Neuroscience},
    author = {Maulana, D C and Utoyo, Moh I and Purwati, U D and Chukw, C W},
    number = {2022},
    pages = {1--15},
    volume = {2022},
    publisher = {CMBN},
    issn = {2052-2541}
}

@techreport{Ramsay2007ParameterApproach,
    title = {{Parameter estimation for differential equations: a generalized smoothing approach}},
    year = {2007},
    booktitle = {J. R. Statist. Soc. B},
    author = {Ramsay, J O and Hooker, G and Campbell, D and Cao, J},
    pages = {741--796},
    volume = {69},
    keywords = {Differential equation, Dynamic system, Estimating equation, Functional data analysis, Gauss-Newton method, Parameter cascade, Profiled estimation}
}

@article{Guo2011PersistentLatency,
    title = {{Persistent high incidence of tuberculosis among immigrants in a low-incidence country: Impact of immigrants with early or late latency}},
    year = {2011},
    journal = {Mathematical Biosciences and Engineering},
    author = {Guo, Hongbin and Wu, Jianhong},
    number = {3},
    month = {7},
    pages = {695--709},
    volume = {8},
    doi = {10.3934/mbe.2011.8.695},
    issn = {15471063},
    pmid = {21675805},
    keywords = {Compartmental model, Global stability, Immigration, Incidence rate, Latent TB infection (LTBI), Lyapunov function, Tuberculosis}
}

@article{McPherson2008PersistentAustralia,
    title = {{Persistent risk of tuberculosis in migrants a decade after arrival in Australia}},
    year = {2008},
    journal = {Medical journal of Australia},
    author = {McPherson, M.E. and Kelly, H. and Patel, M. S. and Leslie, D.},
    number = {9},
    pages = {528--532},
    volume = {188},
    url = {www.mja.com.au}
}

@article{vanHelden2008PredictingTuberculosis,
    title = {{Predicting reinfection in tuberculosis}},
    year = {2008},
    journal = {The Journal of infectious diseases},
    author = {van Helden, Paul D and Warren, Robin M and Uys, Pieter},
    number = {1},
    pages = {172--173},
    volume = {197},
    publisher = {The University of Chicago Press},
    issn = {1537-6613}
}

@article{Wang2007PredictionIncidence,
    title = {{Prediction of the tuberculosis reinfection proportion from the local incidence}},
    year = {2007},
    journal = {The Journal of infectious diseases},
    author = {Wang, Jann-Yuan and Lee, Li-Na and Lai, Hsin-Chih and Hsu, Hsiao-Leng and Liaw, Yuang-Shuang and Hsueh, Po-Ren and Yang, Pan-Chyr},
    number = {2},
    pages = {281--288},
    volume = {196},
    publisher = {The University of Chicago Press},
    issn = {1537-6613}
}

@article{CanadianTuberculosisStandards-8thEdition2022Preface,
    title = {{Preface}},
    year = {2022},
    journal = {Canadian Journal of Respiratory, Critical Care, and Sleep Medicine},
    author = {{Canadian Tuberculosis Standards -8th Edition}},
    number = {S1},
    pages = {1--7},
    volume = {6},
    publisher = {Taylor and Francis Ltd.},
    doi = {10.1080/24745332.2022.2033055},
    issn = {24745340}
}

@article{Dalton2012PrevalenceStudy,
    title = {{Prevalence of and risk factors for resistance to second-line drugs in people with multidrug-resistant tuberculosis in eight countries: A prospective cohort study}},
    year = {2012},
    journal = {The Lancet},
    author = {Dalton, Tracy and Cegielski, Peter and Akksilp, Somsak and Asencios, Luis and Caoili, Janice Campos and Cho, Sang Nae and Erokhin, Vladislav V. and Ershova, Julia and Gler, Ma Tarcela and Kazennyy, Boris Y. and Kim, Hee Jin and Kliiman, Kai and Kurbatova, Ekaterina and Kvasnovsky, Charlotte and Leimane, Vaira and Van Der Walt, Martie and Via, Laura E. and Volchenkov, Grigory V. and Yagui, Martin A. and Kang, Hyungseok},
    number = {9851},
    pages = {1406--1417},
    volume = {380},
    publisher = {Elsevier B.V.},
    doi = {10.1016/S0140-6736(12)60734-X},
    issn = {1474547X},
    pmid = {22938757}
}

@techreport{Polson1990PriorBinomial,
    title = {{Prior distributions for the bivariate binomial}},
    year = {1990},
    booktitle = {Biometrika},
    author = {Polson, Nick and Wasserman, Larry},
    number = {4},
    pages = {901--905},
    volume = {77},
    url = {https://academic.oup.com/biomet/article/77/4/901/291026},
    keywords = {Multivariate binomial, Nuisance parameter, Reference prior, Some key words: Jeffreys prior}
}

@article{Ma2018QuantifyingTuberculosis,
    title = {{Quantifying TB transmission: a systematic review of reproduction number and serial interval estimates for tuberculosis}},
    year = {2018},
    journal = {Epidemiology {\&} Infection},
    author = {Ma, Y and Horsburgh, C R and White, Laura F and Jenkins, Helen E},
    number = {12},
    pages = {1478--1494},
    volume = {146},
    publisher = {Cambridge University Press},
    issn = {0950-2688}
}

@article{Verver2005RateTuberculosis,
    title = {{Rate of reinfection tuberculosis after successful treatment is higher than rate of new tuberculosis}},
    year = {2005},
    journal = {American journal of respiratory and critical care medicine},
    author = {Verver, Suzanne and Warren, Robin M and Beyers, Nulda and Richardson, Madalene and Van Der Spuy, Gian D and Borgdorff, Martien W and Enarson, Donald A and Behr, Marcel A and Van Helden, Paul D},
    number = {12},
    pages = {1430--1435},
    volume = {171},
    publisher = {American Thoracic Society},
    issn = {1073-449X}
}

@article{Cardona2016ReactivationQuestion,
    title = {{Reactivation or reinfection in adult tuberculosis: Is that the question?}},
    year = {2016},
    journal = {International journal of mycobacteriology},
    author = {Cardona, Pere-Joan},
    number = {4},
    pages = {400--407},
    volume = {5},
    publisher = {Elsevier},
    issn = {2212-5531}
}

@article{Lambert2003RecurrenceReinfection,
    title = {{Recurrence in tuberculosis: relapse or reinfection?}},
    year = {2003},
    journal = {The Lancet infectious diseases},
    author = {Lambert, Marie-Laurence and Hasker, Epco and Van Deun, Armand and Roberfroid, Dominique and Boelaert, Marleen and Van der Stuyft, Patrick},
    number = {5},
    pages = {282--287},
    volume = {3},
    publisher = {Elsevier},
    issn = {1473-3099}
}

@article{Vega2021RecurrentReinfections,
    title = {{Recurrent TB: a systematic review and meta-analysis of the incidence rates and the proportions of relapses and reinfections}},
    year = {2021},
    journal = {Thorax},
    author = {Vega, Victor and Rodr{\'{i}}guez, Sharon and Van der Stuyft, Patrick and Seas, Carlos and Otero, Larissa},
    number = {5},
    pages = {494--502},
    volume = {76},
    publisher = {BMJ Publishing Group Ltd},
    issn = {0040-6376}
}

@article{Shen2017RecurrentReinfection,
    title = {{Recurrent tuberculosis in an urban area in China: relapse or exogenous reinfection?}},
    year = {2017},
    journal = {Tuberculosis},
    author = {Shen, Xin and Yang, Chongguang and Wu, Jie and Lin, Senlin and Gao, Xu and Wu, Zheyuan and Tian, Jiyun and Gan, Mingyu and Luo, Tao and Wang, Lili},
    pages = {97--104},
    volume = {103},
    publisher = {Elsevier},
    issn = {1472-9792}
}

@article{Jasmer2004RecurrentReinfection,
    title = {{Recurrent tuberculosis in the United States and Canada: relapse or reinfection?}},
    year = {2004},
    journal = {American journal of respiratory and critical care medicine},
    author = {Jasmer, Robert M and Bozeman, Lorna and Schwartzman, Kevin and Cave, M Donald and Saukkonen, Jussi J and Metchock, Beverly and Khan, Awal and Burman, William J},
    number = {12},
    pages = {1360--1366},
    volume = {170},
    publisher = {American Thoracic Society},
    issn = {1073-449X}
}

@article{Schiroli2013RecurrentReinfection,
    title = {{Recurrent tuberculosis: relapse or reinfection?}},
    year = {2013},
    journal = {Le Infezioni in Medicina},
    author = {Schiroli, Consuelo and Franzetti, Fabio},
    number = {4},
    pages = {251--260},
    volume = {21},
    issn = {1124-9390}
}

@article{Luzze2013RelapseUganda,
    title = {{Relapse more common than reinfection in recurrent tuberculosis 1–2 years post treatment in urban Uganda}},
    year = {2013},
    journal = {The International journal of tuberculosis and lung disease},
    author = {Luzze, H and Johnson, D F and Dickman, K and Mayanja-Kizza, H and Okwera, A and Eisenach, K and Cave, M D and Whalen, C C and Johnson, J L and Boom, W H},
    number = {3},
    pages = {361--367},
    volume = {17},
    publisher = {International Union Against Tuberculosis and Lung Disease},
    issn = {1027-3719}
}

@article{Zong2018RelapseChina,
    title = {{Relapse versus reinfection of recurrent tuberculosis patients in a national tuberculosis specialized hospital in Beijing, China}},
    year = {2018},
    journal = {Frontiers in microbiology},
    author = {Zong, Zhaojing and Huo, Fengmin and Shi, Jin and Jing, Wei and Ma, Yifeng and Liang, Qian and Jiang, Guanglu and Dai, Guangming and Huang, Hairong and Pang, Yu},
    pages = {1858},
    volume = {9},
    publisher = {Frontiers Media SA},
    issn = {1664-302X}
}

@article{Zwick2021RepresentingApproach,
    title = {{Representing Tuberculosis Transmission with Complex Contagion: An Agent-Based Simulation Modeling Approach}},
    year = {2021},
    journal = {Medical Decision Making},
    author = {Zwick, Erin D. and Pepperell, Caitlin S. and Alagoz, Oguzhan},
    number = {6},
    month = {8},
    pages = {641--652},
    volume = {41},
    publisher = {SAGE Publications Inc.},
    doi = {10.1177/0272989X211007842},
    issn = {1552681X},
    pmid = {33904344},
    keywords = {agent-based modeling, complex contagion, infectious disease, modeling, simulation, tuberculosis}
}

@article{Ragonnet2021RevisitingRates,
    title = {{Revisiting the natural history of pulmonary tuberculosis: a Bayesian estimation of natural recovery and mortality rates}},
    year = {2021},
    journal = {Clinical Infectious Diseases},
    author = {Ragonnet, Romain and Flegg, Jennifer A and Brilleman, Samuel L and Tiemersma, Edine W and Melsew, Yayehirad A and McBryde, Emma S and Trauer, James M},
    number = {1},
    pages = {e88-e96},
    volume = {73},
    publisher = {Oxford University Press US},
    issn = {1058-4838}
}

@article{Andrews2012RiskTuberculosis,
    title = {{Risk of Progression to Active Tuberculosis Following Reinfection With Mycobacterium tuberculosis}},
    year = {2012},
    journal = { Clinical infectious diseases, 54(6), 784-791.},
    author = {Andrews, Jason R and Noubary, Farzad and Walensky, Rochelle P and Cerda, Rodrigo and Losina, Elena and Horsburgh, C Robert},
    number = {6},
    pages = {784--791},
    volume = {54},
    url = {https://academic.oup.com/cid/article/54/6/784/289967},
    doi = {10.1093/cid/cir951}
}

@article{Menzies2003ScreeningTesting,
    title = {{Screening immigrants to Canada for tuberculosis: chest radiography or tuberculin skin testing?}},
    year = {2003},
    journal = {CMAJ},
    author = {Menzies, Dick},
    number = {10},
    pages = {1035--1036},
    volume = {169},
    publisher = {Can Med Assoc},
    issn = {0820-3946}
}

@article{Xue2023SeasonalChina,
    title = {{Seasonal transmission dynamics and optimal control strategies for tuberculosis in Jiangsu Province, China}},
    year = {2023},
    journal = {Mathematical Methods in the Applied Sciences},
    author = {Xue, Ling and Ren, Xue and Sun, Wei and Zheng, Xiaoming and Peng, Zhihang and Singh, Bismark},
    number = {2},
    pages = {2072--2092},
    volume = {46},
    publisher = {Wiley Online Library},
    issn = {0170-4214}
}

@article{Bekiryazici2023SensitivityTransmission,
    title = {{Sensitivity analysis and random dynamics for a mathematical model of tuberculosis transmission}},
    year = {2023},
    journal = {Communications in Statistics-Simulation and Computation},
    author = {Bekiryazici, Zafer},
    pages = {1--13},
    publisher = {Taylor {\&} Francis},
    issn = {0361-0918}
}

@article{Yakubu2023SENSITIVITYMEASURE,
    title = {{SENSITIVITY ANALYSIS OF MATHEMATICAL MODELING OF TUBERCULOSIS DYNAMICS WITH A CONTROL MEASURE}},
    year = {2023},
    journal = {Statistics},
    author = {Yakubu, Abegye Shehu and Shammah, Kpanja Sunday},
    number = {3},
    pages = {17--34},
    volume = {6}
}

@article{Matadi2015SingularityReinfection,
    title = {{Singularity and Lie group analyses for tuberculosis with exogenous reinfection}},
    year = {2015},
    journal = {International Journal of Biomathematics},
    author = {Matadi, Maba Boniface},
    number = {03},
    pages = {1550038},
    volume = {8},
    publisher = {World Scientific Publishing Company},
    issn = {1793-5245}
}

@article{Amiri2021SpatialCanada,
    title = {{Spatial modeling of individual-level infectious disease transmission: Tuberculosis data in Manitoba, Canada}},
    year = {2021},
    journal = {Statistics in Medicine},
    author = {Amiri, Leila and Torabi, Mahmoud and Deardon, Rob and Pickles, Michael},
    number = {7},
    month = {3},
    pages = {1678--1704},
    volume = {40},
    publisher = {John Wiley and Sons Ltd},
    doi = {10.1002/sim.8863},
    issn = {10970258},
    pmid = {33469942},
    keywords = {conditional autoregressive model, expectation conditional maximization algorithm, individual-level models, susceptible-infected-removed model}
}

@article{Tuite2017StochasticCommunities,
    title = {{Stochastic agent-based modeling of tuberculosis in Canadian Indigenous communities}},
    year = {2017},
    journal = {BMC Public Health},
    author = {Tuite, Ashleigh R. and Gallant, Victor and Randell, Elaine and Bourgeois, Annie Claude and Greer, Amy L.},
    number = {1},
    month = {1},
    pages = {1--12},
    volume = {17},
    publisher = {BioMed Central},
    doi = {10.1186/s12889-016-3996-7},
    issn = {14712458},
    pmid = {28086846},
    keywords = {Canada, Latent TB infection, Mathematical model, Nunavut, Public health, Simulation, TB, Tuberculosis}
}

@article{HONG2022StudyMethod,
    title = {{Study of Transmission of Tuberculosis by SIR Model Using Runge-Kutta Method}},
    year = {2022},
    journal = {Journal of Quality Measurement and Analysis JQMA},
    author = {HONG, CHEE and YION, CLEMENT H I I KIING},
    number = {2},
    pages = {13--28},
    volume = {18}
}

@article{Afshar2019Surveillance2002-2015,
    title = {{Surveillance of tuberculosis (TB) cases attributable to relapse or reinfection in London, 2002-2015}},
    year = {2019},
    journal = {PLOS One},
    author = {Afshar, Baharak and Carless, Jacqueline and Roche, Anita and Balasegaram, Sooria and Andersonid, Charlotte},
    url = {https://doi.org/10.1371/journal.pone.0211972},
    isbn = {1111111111},
    doi = {10.1371/journal.pone.0211972}
}

@inproceedings{Side2023TheSulawesi,
    title = {{The Analysis of SIIR Mathematical Model Time Delay as The Solution of Tuberculosis Transmission in South Sulawesi}},
    year = {2023},
    booktitle = {E3S Web of Conferences},
    author = {Side, Syafruddin and Sanusi, Wahidah and Rifandi, Muh and Yusuf, Andi Muh Ridho S A P},
    pages = {03002},
    volume = {400},
    publisher = {EDP Sciences},
    isbn = {2267-1242}
}

@article{Atthew1995The1993,
    title = {{The Epidemiology of Tuberculosis Among Foreign-Born Persons in the United States, 1986 to 1993}},
    year = {1995},
    journal = {New England journal of medicine},
    author = {Atthew, M and Enna, T M C K and Ugene, E and Ray, M C C and Da, I and Norato, O},
    number = {16},
    volume = {332}
}

@techreport{Blower1995TheEpidemics,
    title = {{The intrinsic transmission dynamics of tuberculosis epidemics}},
    year = {1995},
    author = {Blower', Sally M and Mclean, Angela R and Porco', Travis C and Small', Peter M and Hopewell{\textbackslash}, Philip C and Sanchez', Melissa A and Moss', Andrew R},
    url = {http://www.nature.com/naturemedicine}
}

@article{Dye2010TheTuberculosis,
    title = {{The population dynamics and control of tuberculosis}},
    year = {2010},
    journal = {Science},
    author = {Dye, Christopher and Williams, Brian G},
    number = {5980},
    pages = {856--861},
    volume = {328},
    publisher = {American Association for the Advancement of Science},
    issn = {0036-8075}
}

@article{Uys2015TheCommunity,
    title = {{The risk of tuberculosis reinfection soon after cure of a first disease episode is extremely high in a hyperendemic community}},
    year = {2015},
    journal = {PLoS One},
    author = {Uys, Pieter and Brand, Hilmarie and Warren, Robin and Van der Spuy, Gian and Hoal, Eileen G and Van Helden, Paul D},
    number = {12},
    pages = {e0144487},
    volume = {10},
    publisher = {Public Library of Science San Francisco, CA USA},
    issn = {1932-6203}
}

@techreport{CanadacaTheCanada,
    title = {{The time is now-Chief Public Health Officer spotlight on eliminating tuberculosis in Canada}},
    author = {{Canadaca}},
    url = {https://www.canada.ca/en/public-health/corporate/publications/chief-public-health-officer-reports-state-public-health-canada/eliminating-tuberculosis.html}
}

@article{Das2020TransmissionRe-infections,
    title = {{Transmission dynamics of tuberculosis with multiple re-infections}},
    year = {2020},
    journal = {Chaos, Solitons and Fractals},
    author = {Das, Dhiraj Kumar and Khajanchi, Subhas and Kar, T. K.},
    month = {1},
    volume = {130},
    publisher = {Elsevier Ltd},
    doi = {10.1016/j.chaos.2019.109450},
    issn = {09600779},
    keywords = {Backward bifurcation, Exogenous re-infection, Fast progression, Global stability, Tuberculosis model}
}

@article{Noor2022TransmissionModel,
    title = {{Transmission of Tuberculosis and Reproduction Number Using Lyapunov Function of SIR Model}},
    year = {2022},
    journal = {Malaysian Journal of Social Sciences and Humanities (MJSSH)},
    author = {Noor, Mohd Rahimie Bin Md and Zaid, Mohamed Zuheel Bin and Rosli, Rozaimie Bin and Hairudin, Mohamad Danial Bin and Adnan, Sharifah Athirah Bt Syed and Malek, Mohd Azry Bin Abdul and Mustapha, Muhammad Firdaus B and Yasin, Ahmad Bukhari Bin Mohd and Kairan, Omar B},
    number = {11},
    pages = {e001873-e001873},
    volume = {7},
    issn = {2504-8562}
}

@article{Long2020TuberculosisCanada,
    title = {{Tuberculosis and COVID-19 in Canada}},
    year = {2020},
    journal = {EClinicalMedicine},
    author = {Long, R. and King, M. and Doroshenko, A. and Heffernan, C.},
    volume = {27}
}

@article{Long2020TuberculosisCanadab,
    title = {{Tuberculosis and COVID-19 in Canada}},
    year = {2020},
    journal = {EClinicalMedicine},
    author = {Long, R. and King, Malcom and Doroshenko, A. and Heffernan, C.},
    volume = {27}
}

@article{Churchyard2014TuberculosisGoals,
    title = {{Tuberculosis control in South Africa: successes, challenges and recommendations: tuberculosis control-Progress towards the Millennium Development Goals}},
    year = {2014},
    journal = {South African Medical Journal},
    author = {Churchyard, G J and Mametja, L D and Mvusi, L and Ndjeka, N and Pillay, Y and Hesseling, A C and Reid, A and Babatunde, S},
    number = {3},
    pages = {244--248},
    volume = {104},
    publisher = {Health and Medical Publishing Group (HMPG)},
    issn = {0256-9574}
}

@article{CollegeofFamilyPhysiciansofCanada.2017TuberculosisCanada,
    title = {{Tuberculosis in Canada}},
    year = {2017},
    journal = {Canadian Family Physician},
    author = {{College of Family Physicians of Canada.}},
    number = {4},
    pages = {292--292},
    volume = {63}
}

@article{Hafez2020TuberculosisIndonesia,
    title = {{Tuberculosis in Indonesia}},
    year = {2020},
    author = {Hafez, Reem and Harimurti, Pandu and Martin-Hughes, Rowan},
    publisher = {World Bank, Washington, DC}
}

@techreport{Song2002TuberculosisContacts,
    title = {{Tuberculosis models with fast and slow dynamics: the role of close and casual contacts}},
    year = {2002},
    booktitle = {Mathematical Biosciences},
    author = {Song, Baojun and Castillo-Chavez, Carlos and Aparicio, Juan Pablo},
    pages = {187--205},
    volume = {180},
    url = {www.elsevier.com/locate/mbs},
    keywords = {Epidemic models, Generalized households, Singular perturbation theory, Social networks, Time scales, Tuberculosis}
}

@article{Millet2013TuberculosisRelapse,
    title = {{Tuberculosis recurrence after completion treatment in a European city: reinfection or relapse?}},
    year = {2013},
    journal = {PloS one},
    author = {Millet, Juan-Pablo and Shaw, Evelyn and Orcau, Àngels and Casals, Martí and Mir{\'{o}}, Jose M and Cayl{\`{a}}, Joan A and Group, Barcelona Tuberculosis Recurrence Working},
    number = {6},
    pages = {e64898},
    volume = {8},
    publisher = {Public Library of Science San Francisco, USA},
    issn = {1932-6203}
}

@article{Millet2009TuberculosisPatients,
    title = {{Tuberculosis recurrence and its associated risk factors among successfully treated patients}},
    year = {2009},
    journal = {Journal of Epidemiology {\&} Community Health},
    author = {Millet, Juan-Pablo and Orcau, Angels and De Olalla, P García and Casals, Martí and Rius, Cristina and Cayla, Joan A},
    number = {10},
    pages = {799--804},
    volume = {63},
    publisher = {BMJ Publishing Group Ltd},
    issn = {0143-005X}
}

@techreport{GarciaDeViedmaTuberculosisReinfection,
    title = {{Tuberculosis Recurrences Reinfection Plays a Role in a Population Whose Clinical/Epidemiological Characteristics Do Not Favor Reinfection}},
    author = {Garc{\'{i}}a De Viedma, Darío and Mar{\'{i}}n, Mercedes and Hernang{\'{o}}mez, Susana and D{\'{i}}az, Marisol and Jes{\'{u}}, María and Serrano, Ruiz and Alcal{\'{a}}, Luis and Bouza, Emilio},
    url = {https://jamanetwork.com/}
}

@article{deViedma2002TuberculosisReinfection,
    title = {{Tuberculosis recurrences: reinfection plays a role in a population whose clinical/epidemiological characteristics do not favor reinfection}},
    year = {2002},
    journal = {Archives of internal medicine},
    author = {de Viedma, Darío García and Mar{\'{i}}n, Mercedes and Hernang{\'{o}}mez, Susana and D{\'{i}}az, Marisol and Serrano, María Jesús Ruiz and Alcal{\'{a}}, Luis and Bouza, Emilio},
    number = {16},
    pages = {1873--1879},
    volume = {162},
    publisher = {American Medical Association},
    issn = {0003-9926}
}

@book{MounchiliA.2022TuberculosisReport,
    title = {{Tuberculosis Surveillance in Canada 2010-2020 Summary Report}},
    year = {2022},
    author = {{Mounchili A.} and {Perera R.} and {Henry C.} and {Soualhine H.} and {Sharma M.} and {Yoshida C.} and {Rabb M.} and Carew, M.},
    publisher = {Public Health Agency of Canada},
    isbn = {6139572991}
}

@article{Leung2013Tuberculosis:Epilogue,
    title = {{Tuberculosis: current state of knowledge: an epilogue}},
    year = {2013},
    journal = {Respirology},
    author = {Leung, Chi Chiu and Lange, Christoph and Zhang, Ying},
    number = {7},
    pages = {1047--1055},
    volume = {18},
    publisher = {Wiley Online Library},
    issn = {1323-7799}
}

@misc{GovernmentofCanadaTuberculosis:Canada.ca,
    title = {{Tuberculosis: Monitoring - Canada.ca}},
    author = {{Government of Canada}}
}

@article{Koegelenberg2021Tuberculosis:Future,
    title = {{Tuberculosis: the past, the present and the future}},
    year = {2021},
    journal = {Respiration},
    author = {Koegelenberg, Coenraad F N and Schoch, Otto D and Lange, Christoph},
    number = {7},
    pages = {553--556},
    volume = {100},
    publisher = {S. Karger AG},
    issn = {0025-7931}
}

@article{Sumner2022Variance-basedModels,
    title = {{Variance-based sensitivity analysis of tuberculosis transmission models}},
    year = {2022},
    journal = {Journal of the Royal Society Interface},
    author = {Sumner, Tom and White, Richard G},
    number = {196},
    pages = {20220413},
    volume = {19},
    publisher = {The Royal Society},
    issn = {1742-5662}
}

@article{Apley2020VisualizingModels,
    title = {{Visualizing the effects of predictor variables in black box supervised learning models}},
    year = {2020},
    journal = {J. R. Statist. Soc. B},
    author = {Apley, Daniel W and Zhu, Jingyu},
    volume = {82},
    url = {https://academic.oup.com/jrsssb/article/82/4/1059/7056085},
    issn = {1059-1086},
    keywords = {Functional analysis of variance, Marginal plots, Partial dependence plots, Supervised learning, Visualization}
}

@article{Kim2014WhatInfection,
    title = {{What does a mathematical model tell about the impact of reinfection in Korean tuberculosis infection?}},
    year = {2014},
    journal = {Osong public health and research perspectives},
    author = {Kim, Sara and Choe, Seoyun and Kim, Junseong and Nam, Sanga and Shin, Yeon and Lee, Sunmi},
    number = {1},
    pages = {40--45},
    volume = {5},
    publisher = {Elsevier},
    issn = {2210-9099}
}

@article{Churchyard2017WhatOverview,
    title = {{What we know about tuberculosis transmission: an overview}},
    year = {2017},
    journal = {The Journal of infectious diseases},
    author = {Churchyard, Gavin and Kim, Peter and Shah, N Sarita and Rustomjee, Roxana and Gandhi, Neel and Mathema, Barun and Dowdy, David and Kasmar, Anne and Cardenas, Vicky},
    number = {suppl{\_}6},
    pages = {S629-S635},
    volume = {216},
    publisher = {Oxford University Press US},
    issn = {0022-1899}
}