@Article{GuoWu,
title = {Persistent high incidence of tuberculosis among immigrants in a low-incidence country: Impact of immigrants with early or late latency},
journal = {Mathematical Biosciences and Engineering},
volume = {8},
number = {3},
pages = {695-709},
year = {2011},
issn = {1551-0018},
doi = {10.3934/mbe.2011.8.695},
url = {https://www.aimspress.com/article/doi/10.3934/mbe.2011.8.695},
author = {Hongbin Guo and Jianhong Wu},
keywords = {Lyapunov function, Tuberculosis, immigration, compartmental model, incidence rate, latent TB infection (LTBI)., global stability},
}


@book{MounchiliA.2022TuberculosisReport,
	title = {{Tuberculosis Surveillance in Canada 2010-2020 Summary Report}},
	year = {2022},
	author = {{Mounchili A.} and {Perera R.} and {Henry C.} and {Soualhine H.} and {Sharma M.} and {Yoshida C.} and {Rabb M.} and Carew, M.},
	publisher = {Public Health Agency of Canada},
	isbn = {6139572991}
}

@article{Green1991ThePS,
	title={The Pointwise Stationary Approximation for Queues with Nonstationary Arrivals},
	author={Linda V. Green and Peter J. Kolesar},
	journal={Management Science},
	year={1991},
	volume={37},
	pages={84-97},
	url={https://api.semanticscholar.org/CorpusID:8187954}
}


@book{PublicHealthAgencyofCanada2014CanadianStandards,
	title = {{Canadian Tuberculosis Standards.}},
	year = {2014},
	author = {{Public Health Agency of Canada}},
	pages = {},
	volume = {7th Edition},
	publisher = {Centre for Communicable Diseases and Infection Control (Canada)},
	isbn = {9781100231716}
}